<?xml version="1.0" encoding="UTF-8"?><collection xmlns="http://www.loc.gov/MARC21/slim"><record><leader>00532nam--2200193-i-4500</leader><controlfield tag="001">000046400</controlfield><controlfield tag="002">20161230</controlfield><controlfield tag="005">20161230201045</controlfield><controlfield tag="008">060222s1000------------r-----000-0-rus-d</controlfield><datafield ind1=" " ind2=" " tag="040"><subfield code="a">IFI-HH</subfield></datafield><datafield ind1=" " ind2=" " tag="041"><subfield code="a">rus</subfield></datafield><datafield ind1=" " ind2=" " tag="080"><subfield code="a">539.143.43:546.791</subfield></datafield><datafield ind1="1" ind2=" " tag="100"><subfield code="a">Gabuda, S.P</subfield></datafield><datafield ind1="1" ind2="0" tag="245"><subfield code="a">Iadernii magnitnii rezonans v kristallogidratah i gidratirovannih belkah</subfield><subfield code="c">S.p. gubada, a.f. rjavin</subfield></datafield><datafield ind1=" " ind2=" " tag="260"><subfield code="a">Novosibirsk</subfield><subfield code="b">Nauka</subfield><subfield code="c">1978</subfield></datafield><datafield ind1=" " ind2=" " tag="300"><subfield code="a">159P</subfield></datafield><datafield ind1="1" ind2=" " tag="700"><subfield code="a">Rjavin, A.F</subfield></datafield><datafield ind1=" " ind2=" " tag="852"><subfield code="a">47282</subfield><subfield code="c">539.143.43</subfield></datafield><datafield ind1=" " ind2=" " tag="CAT"><subfield code="a">Sys</subfield><subfield code="c">20120510</subfield><subfield code="h">174139</subfield></datafield></record></collection>